@article{Alekseeva_Azar_Giné_Samila_Taska_2021, title={The demand for AI skills in the Labor Market}, volume={71}, DOI={10.1016/j.labeco.2021.102002}, journal={Labour Economics}, author={Alekseeva, Liudmila and Azar, José and Giné, Mireia and Samila, Sampsa and Taska, Bledi}, year={2021}, month={Aug}, pages={102002}} 

@article{Pabilonia_Vernon_2025, 
title={Remote work, wages, and hours worked in the United States}, 
volume={38}, 
DOI={10.1007/s00148-025-01064-9}, 
number={1}, 
journal={Journal of Population Economics},
 author={Pabilonia, Sabrina Wulff and Vernon, Victoria},
 year={2025},
 month={Feb},
url={https://doi.org/10.1007/s00148-025-01064-9},
}

@misc{stephany2025payaiskillsreward,
      title={Beyond pay: AI skills reward more job benefits}, 
      author={Fabian, Stephany and Alejandra, Mira and Bone, Matthew},
      year={2025},
      eprint={2507.20410},
      archivePrefix={arXiv},
      primaryClass={econ.GN},
      url={https://arxiv.org/abs/2507.20410}, 
}
